
  	
@article{,
  author={Phuong Thu Ha and Hoai Nam Nguyen and Hai Doan Do and Quoc Thong Phan and Minh Nguyet Tran Thi and Xuan Phuc Nguyen and My
Nhung Hoang Thi and Mai Huong Le and Linh Toan Nguyen and Thuc Quang Bui and Van Hieu Phan},
  title={Targeted drug delivery nanosystems based on copolymer poly(lactide)-tocopheryl polyethylene glycol succinate for cancer treatment},
  journal={Advances in Natural Sciences: Nanoscience and Nanotechnology},
  volume={7},
  number={1},
  pages={015001},
  url={http://stacks.iop.org/2043-6262/7/i=1/a=015001},
  year={2016},
  
}
	