
  	
@article{bhbh1,
  author={Phuong Thu Ha and Hoai Nam Nguyen and Hai Doan Do and Quoc Thong Phan and Minh Nguyet Tran Thi and Xuan Phuc Nguyen and My
Nhung Hoang Thi and Mai Huong Le and Linh Toan Nguyen and Thuc Quang Bui and Van Hieu Phan},
  title={Targeted drug delivery nanosystems based on copolymer poly(lactide)-tocopheryl polyethylene glycol succinate for cancer treatment},
  journal={Advances in Natural Sciences: Nanoscience and Nanotechnology},
  volume={7},
  number={1},
  pages={015001},
  url={http://stacks.iop.org/2043-6262/7/i=1/a=015001},
  year={2016},
}
	
@article{2,
author = {Phuc, N and Lam, Tran and Phuong Thu, Ha and Pham, Nam and Mai, Trang and Pham, Linh and Hong, L and Manh, D.H. and Bich Hoa Phan, Thi and Ha Giang Pham, Thi and Tu Nguyen, Dac and Hoang, Nhung},
year = {2012},
month = {09},
pages = {},
title = {Iron oxide-based conjugates for cancer theragnostics},
volume = {3},
journal = {Advances in Natural Sciences: Nanoscience and Nanotechnology},
doi = {10.1088/2043-6262/3/3/033001}
}
@article{3,
author = {Tacar, Oktay and Sriamornsak, Pornsak and Dass, Crispin R.},
title = {Doxorubicin: an update on anticancer molecular action, toxicity and novel drug delivery systems},
journal = {Journal of Pharmacy and Pharmacology},
volume = {65},
number = {2},
pages = {157-170},
keywords = {cancer, cardiotoxicity, chemotherapy, doxorubicin, drug},
doi = {10.1111/j.2042-7158.2012.01567.x}}